<record><leader>00000cas a2200000 a 4500</leader><controlfield tag="001">42054261</controlfield><controlfield tag="008">990811d18961934oruwr ne      0    0eng c</controlfield><datafield ind1=" " ind2=" " tag="010"><subfield code="a">sn 99063850 </subfield></datafield><datafield ind1=" " ind2=" " tag="040"><subfield code="a">OCN</subfield><subfield code="b">eng</subfield><subfield code="c">OCN</subfield><subfield code="d">OCLCQ</subfield><subfield code="d">ORU</subfield><subfield code="d">OCLCQ</subfield><subfield code="d">OCLCF</subfield><subfield code="d">OCLCO</subfield></datafield><datafield ind1=" " ind2=" " tag="042"><subfield code="a">pcc</subfield></datafield><datafield ind1=" " ind2=" " tag="043"><subfield code="a">n-us-or</subfield></datafield><datafield ind1="0" ind2="0" tag="245"><subfield code="a">Tillamook herald.</subfield></datafield><datafield ind1=" " ind2=" " tag="260"><subfield code="a">Tillamook, Tillamook County, Or. :</subfield><subfield code="b">Herald Pub. Co.,</subfield><subfield code="c">-1934.</subfield></datafield><datafield ind1=" " ind2=" " tag="300"><subfield code="a">v.</subfield></datafield><datafield ind1=" " ind2=" " tag="310"><subfield code="a">Weekly,</subfield><subfield code="b">Nov. 21, 1916-Mar. 29, 1934</subfield></datafield><datafield ind1=" " ind2=" " tag="321"><subfield code="a">Weekly,</subfield><subfield code="b">&lt;Sept. 24, 1896&gt;-May 12, 1910</subfield></datafield><datafield ind1=" " ind2=" " tag="321"><subfield code="a">Semiweekly,</subfield><subfield code="b">May 17, 1910-Nov. 17, 1916</subfield></datafield><datafield ind1="1" ind2=" " tag="362"><subfield code="a">Began in 1896.</subfield></datafield><datafield ind1="0" ind2=" " tag="362"><subfield code="a">-v. 38, no. 35 (Mar. 29, 1934).</subfield></datafield><datafield ind1=" " ind2=" " tag="500"><subfield code="a">1924-1934 includes newspaper published during school terms by Tillamook high school students.</subfield></datafield><datafield ind1=" " ind2=" " tag="530"><subfield code="a">Also issued on microfilm from University of Oregon.</subfield></datafield><datafield ind1=" " ind2=" " tag="530"><subfield code="a">Archived issues are available in digital format as part of the Historic Oregon Newspaper online collection.</subfield></datafield><datafield ind1=" " ind2=" " tag="580"><subfield code="a">Merged with: Tillamook headlight, to form: Headlight-herald.</subfield></datafield><datafield ind1=" " ind2=" " tag="588"><subfield code="a">Description based on: Vol. 1, no. 28 (Sept. 24, 1896).</subfield></datafield><datafield ind1=" " ind2="0" tag="651"><subfield code="a">Tillamook (Or.)</subfield><subfield code="v">Newspapers.</subfield></datafield><datafield ind1=" " ind2="7" tag="655"><subfield code="a">Newspapers.</subfield><subfield code="2">fast</subfield><subfield code="0">(OCoLC)fst01423814</subfield></datafield><datafield ind1=" " ind2="7" tag="651"><subfield code="a">Oregon</subfield><subfield code="z">Tillamook.</subfield><subfield code="2">fast</subfield><subfield code="0">(OCoLC)fst01205852</subfield></datafield><datafield ind1="0" ind2="2" tag="740"><subfield code="a">High school spokesman.</subfield></datafield><datafield ind1=" " ind2=" " tag="752"><subfield code="a">United States</subfield><subfield code="b">Oregon</subfield><subfield code="c">Tillamook</subfield><subfield code="d">Tillamook.</subfield></datafield><datafield ind1="1" ind2="7" tag="785"><subfield code="t">Tillamook headlight</subfield><subfield code="w">(DLC)sn 99063849</subfield></datafield><datafield ind1="1" ind2="7" tag="785"><subfield code="t">Headlight-herald</subfield><subfield code="w">(DLC)sn 99063851</subfield></datafield><datafield ind1="4" ind2="1" tag="856"><subfield code="u">http://oregonnews.uoregon.edu/lccn/sn99063850/issues</subfield></datafield></record>